<record xmlns="http://www.openarchives.org/OAI/2.0/" xmlns:xsi="http://www.w3.org/2001/XMLSchema-instance"><header><identifier>oai:alma.34CSIC_INST:990013496280204201</identifier><datestamp>2020-02-06T08:40:59Z</datestamp><setSpec>manuscripta</setSpec></header><metadata><record xmlns="http://www.loc.gov/MARC21/slim" xmlns:xsi="http://www.w3.org/2001/XMLSchema-instance" xsi:schemaLocation="http://www.loc.gov/MARC21/slim http://www.loc.gov/standards/marcxml/schema/MARC21slim.xsd"><leader>06935nam a2200697ui 4500</leader><controlfield tag="005">20181031100334.0</controlfield><controlfield tag="008">100721nuuuu                  000 0 ara d</controlfield><controlfield tag="001">990013496280204201</controlfield><datafield tag="035" ind1=" " ind2=" "><subfield code="a">CSIC001349628</subfield></datafield><datafield tag="035" ind1=" " ind2=" "><subfield code="a">(ES-MaCSI)001349628MAD01-Aleph</subfield></datafield><datafield tag="035" ind1=" " ind2=" "><subfield code="a">(OCoLC)1124070209
</subfield></datafield><datafield tag="040" ind1=" " ind2=" "><subfield code="a">ES-MaCSI</subfield><subfield code="b">spa</subfield><subfield code="c">VL</subfield></datafield><datafield tag="100" ind1="1" ind2=" "><subfield code="a">Ibn Barrī, `Alī b. Muḥammad</subfield><subfield code="d">(ca. 1261-ca. 1330).</subfield></datafield><datafield tag="245" ind1="1" ind2="0"><subfield code="a">مجموعة مؤلفات في التجويد والقراءات والنطق‭</subfield><subfield code="h">[‭Manuscrito]</subfield></datafield><datafield tag="300" ind1=" " ind2=" "><subfield code="a">79 f. ;</subfield><subfield code="c">22 x 15 cm (caja: 13 x 10 cm).</subfield></datafield><datafield tag="490" ind1="1" ind2=" "><subfield code="a">Manuscripta</subfield></datafield><datafield tag="546" ind1=" " ind2=" "><subfield code="a">Arabe</subfield><subfield code="b">Escritura magrebí</subfield></datafield><datafield tag="500" ind1=" " ind2=" "><subfield code="a">Título transliterado: Maŷmūʽat muʼallafāt fī l-taŷwīd wa-l-qirāʼāt wa-l-nuṭq</subfield></datafield><datafield tag="500" ind1=" " ind2=" "><subfield code="a">Título facticio</subfield></datafield><datafield tag="500" ind1=" " ind2=" "><subfield code="a">Distribución: 1 col. 5 líneas por página, excepto los folios 1v que tiene 18, el 55r que tiene 1, el 25r y el 54r que tiene dos, y el 25v y 55v que tienen 4.</subfield></datafield><datafield tag="500" ind1=" " ind2=" "><subfield code="a">Material: Papel (de diferente grosor según la copia)</subfield></datafield><datafield tag="500" ind1=" " ind2=" "><subfield code="a">Tinta: negra marrón, roja y verde</subfield></datafield><datafield tag="500" ind1=" " ind2=" "><subfield code="a">Lugar de escritura: No consta</subfield></datafield><datafield tag="500" ind1=" " ind2=" "><subfield code="a">Copista: No consta</subfield></datafield><datafield tag="500" ind1=" " ind2=" "><subfield code="a">‪Colofón: No</subfield></datafield><datafield tag="500" ind1=" " ind2=" "><subfield code="a">Características especiales: Texto vocalizado</subfield></datafield><datafield tag="500" ind1=" " ind2=" "><subfield code="a">Ilustración: No</subfield></datafield><datafield tag="500" ind1=" " ind2=" "><subfield code="a">Ilustraciones: Entre oraciones, a modo de signos de puntuación se utilizan tres puntos como los de las letras ث o ش o bien tres círculos dispuestos de la misma manera que los tres puntos. Las palabras القول y الفصل aparecen en un trazo mucho más alargado que el resto y se marcan con tinta verde (la segunda copia), negra (la primera copia) o negra y roja (la última copia).</subfield></datafield><datafield tag="500" ind1=" " ind2=" "><subfield code="a">Tipo de cuaderno: 7 cuads.: 1 binión, 1 quinión, 3 sextniones y 2 septniones; más 2 folios sueltos</subfield></datafield><datafield tag="500" ind1=" " ind2=" "><subfield code="a">Deterioros: Buen estado del texto. - Encuadernación muy mal. - Manchas, arrugas, pliegues y degradaciones de la tinta que en general no afectan al texto.</subfield></datafield><datafield tag="500" ind1=" " ind2=" "><subfield code="a">H en blanco: f. 54v</subfield></datafield><datafield tag="500" ind1=" " ind2=" "><subfield code="a">H dañadas, mutiladas, sueltas: 13 H sueltas: que corresponden a los intervalos: 1-2, 12, 24-26, 33-36 y 47-49. H dañadas y mutiladas: bastantes folios del tercer y cuarto cuaderno del volumen. El folio 13 está roto.</subfield></datafield><datafield tag="500" ind1=" " ind2=" "><subfield code="a">H faltan o añadidas: Faltan: 2 hojas al menos entre el segundo y el tercer cuaderno, la primera hoja del tercer cuaderno y 2 hojas del sexto cuaderno</subfield></datafield><datafield tag="500" ind1=" " ind2=" "><subfield code="a">Foliación: Sin foliación original. Foliación moderna a lápiz hecha por Naima Anahnah (2010)</subfield></datafield><datafield tag="500" ind1=" " ind2=" "><subfield code="a">Reclamos: Solo en los folios verso del primer cuaderno de la tercera copia</subfield></datafield><datafield tag="500" ind1=" " ind2=" "><subfield code="a">Sign. cuad.: No</subfield></datafield><datafield tag="500" ind1=" " ind2=" "><subfield code="a">Pautado: Punta seca (casi inapreciable) con una regularidad de 3 cm. Líneas de justificación</subfield></datafield><datafield tag="500" ind1=" " ind2=" "><subfield code="a">Filigrana: Perfil de una cabeza de hombre de la que emana un tallo que remata en una estrella de cinco puntas. Mano de cuyo dedo corazón emana un tallo que remata en una estrella de cinco puntas y en la muñeca cinta en zigzag de la que cuelga una campanita, además de una cruz en la palma o el dorso. Contra-filigrana: letras “U” y “L” en mayúsculas. Mano de cuyo dedo corazón emana un tallo que remata en una estrella de cinco puntas. Mano y debajo las letras “M” y “T” en mayúsculas Contra-filigrana: letras “P” y “G” en mayúsculas.</subfield></datafield><datafield tag="563" ind1=" " ind2=" "><subfield code="a">Encuadernación: Pergamino</subfield></datafield><datafield tag="541" ind1=" " ind2=" "><subfield code="a">Procedencia: No consta</subfield></datafield><datafield tag="541" ind1=" " ind2=" "><subfield code="a">Ingreso: No consta</subfield></datafield><datafield tag="500" ind1=" " ind2=" "><subfield code="a">Signatura antigua: VOL. V; A-5-6</subfield></datafield><datafield tag="500" ind1=" " ind2=" "><subfield code="a">Anotaciones: Anotaciones interlineales en tinta negra y roja de una mano distinta a la de los copistas en la segunda copia y en el primer cuaderno de la última. También aparecen anotaciones en los márgenes cuando el espacio interlineal no es suficiente. - Excepcionalmente en el folio 65r la anotación marginal va siguiendo los trazos de las puntas de una estrella.</subfield></datafield><datafield tag="581" ind1=" " ind2=" "><subfield code="a">Descripción: Catálogo de la Exposición celebrada con motivo del cincuentenario: 1932-1982, Granada, 1982, 16. - Castillo Castillo, C., Manuscritos arábigos que se conservan en la Escuela de Estudios Árabes de Granada. - En: Cuadernos de historia del Islam 11 (1984), 221.</subfield></datafield><datafield tag="530" ind1=" " ind2=" "><subfield code="a">Otros soportes: No</subfield></datafield><datafield tag="581" ind1=" " ind2=" "><subfield code="a">Edición: No</subfield></datafield><datafield tag="510" ind1="4" ind2=" "><subfield code="a">Catálogo de la Exposición celebrada con motivo del cincuentenario: 1932-1982</subfield><subfield code="c">p. 16</subfield></datafield><datafield tag="510" ind1="4" ind2=" "><subfield code="a">Manuscritos arábigos que se conservan en la Escuela de Estudios Árabes de Granada</subfield><subfield code="c">p. 221</subfield></datafield><datafield tag="520" ind1="2" ind2=" "><subfield code="a">Contenido: Al-durar al-lawāmiʽ fī aṣl maqraʼ al-Imām Nāfiʽ (2v-24v) [s. f.] [Incompleto y ápodo]. - Al-durar al-lawāmiʽ fī aṣl maqraʼ al-Imām Nāfiʽ (25r-50v) [1297-1298] 697 de la Hégira. - Ḏikr majāriŷ al-ḥurūf wa-ṣifātu-hā (50v-53v) [s. f.] [Incompleto y ápodo]. - Al-durar al-lawāmiʽ fī aṣl maqraʼ al-Imām Nāfiʽ (54r-79v) [s. f.] [Incompleto y ápodo]. - Nota manuscrita en castellano que describe el códice y cuyo autor se desconoce.</subfield></datafield><datafield tag="630" ind1="0" ind2="7"><subfield code="a">Corán</subfield><subfield code="x">Lecturas</subfield><subfield code="v">Manuscritos.</subfield><subfield code="2">CSICAU</subfield></datafield><datafield tag="650" ind1=" " ind2="7"><subfield code="a">Arabe</subfield><subfield code="x">Fonética</subfield><subfield code="v">Manuscritos.</subfield><subfield code="2">CSICAU</subfield></datafield><datafield tag="650" ind1=" " ind2="7"><subfield code="a">Arabe</subfield><subfield code="x">Fonología</subfield><subfield code="v">Manuscritos.</subfield><subfield code="2">CSICAU</subfield></datafield><datafield tag="650" ind1=" " ind2="7"><subfield code="a">Derecho islámico</subfield><subfield code="v">Manuscritos.</subfield><subfield code="2">CSICAU</subfield></datafield><datafield tag="740" ind1="0" ind2=" "><subfield code="a">Maŷmūʽat muʼallafāt fī l-taŷwīd wa-l-qirāʼāt wa-l-nuṭq</subfield></datafield><datafield tag="740" ind1="0" ind2=" "><subfield code="a">Kitāb al-Durar al-lawāmiʽ fī aṣl maqraʼ al-Imām Nāfiʽ</subfield></datafield><datafield tag="740" ind1="0" ind2=" "><subfield code="a">كتاب الدرر اللوامع في أصل مقرأ الإمام نافع</subfield></datafield><datafield tag="740" ind1="0" ind2=" "><subfield code="a">Ḏikr majāriŷ al-ḥurūf wa-ṣifātu-hā</subfield></datafield><datafield tag="740" ind1="0" ind2=" "><subfield code="a">ذكر مخارج الحروف وصفاتها</subfield></datafield><datafield tag="830" ind1=" " ind2="0"><subfield code="a">Manuscripta</subfield></datafield><datafield tag="856" ind1="4" ind2="1"><subfield code="u">http://aleph.csic.es/imagenes/mad01/0006_PMSC/P_001349628_782711_V00.pdf</subfield><subfield code="z">Descargar Pdf completo (14M)</subfield><subfield code="m">CSIC</subfield></datafield><datafield tag="856" ind1="4" ind2="1"><subfield code="u">http://simurg.bibliotecas.csic.es/viewer/image/CSIC001349628/1/</subfield><subfield code="z">Ver texto completo en SIMURG, el portal de fondos digitalizados del CSIC</subfield><subfield code="m">CSIC</subfield></datafield><datafield tag="856" ind1="4" ind2="1"><subfield code="u">http://aleph.csic.es/imagenes/mad01/0006_PMSC/html/001349628.html</subfield><subfield code="z">Ver texto completo en Bookreader</subfield></datafield></record></metadata></record>